<record><leader>00000cas a2200000 a 4500</leader><controlfield tag="001">11946227</controlfield><controlfield tag="008">850422d18921895ksuwr ne      0    0eng c</controlfield><datafield ind1=" " ind2=" " tag="010"><subfield code="a">sn 85030202 </subfield></datafield><datafield ind1=" " ind2=" " tag="040"><subfield code="a">KSH</subfield><subfield code="b">eng</subfield><subfield code="c">KSH</subfield><subfield code="d">NPT</subfield><subfield code="d">OCL</subfield><subfield code="d">CUI</subfield><subfield code="d">OCLCQ</subfield><subfield code="d">OCLCF</subfield></datafield><datafield ind1=" " ind2=" " tag="042"><subfield code="a">pcc</subfield></datafield><datafield ind1=" " ind2=" " tag="043"><subfield code="a">n-us-ks</subfield></datafield><datafield ind1=" " ind2="4" tag="050"><subfield code="a">AN</subfield></datafield><datafield ind1="0" ind2=" " tag="130"><subfield code="a">Emporia gazette (Emporia, Kan. : 1892)</subfield></datafield><datafield ind1="1" ind2="4" tag="245"><subfield code="a">The Emporia gazette.</subfield></datafield><datafield ind1=" " ind2=" " tag="260"><subfield code="a">Emporia, Kan. :</subfield><subfield code="b">W.Y. Morgan,</subfield><subfield code="c">1892-1895.</subfield></datafield><datafield ind1=" " ind2=" " tag="300"><subfield code="a">4 v. :</subfield><subfield code="b">ill. ;</subfield><subfield code="c">54 cm.</subfield></datafield><datafield ind1=" " ind2=" " tag="310"><subfield code="a">Weekly</subfield></datafield><datafield ind1="0" ind2=" " tag="362"><subfield code="a">Vol. 2, no. 41 (June 4, 1892)-v. 5, no. 30 (June 6, 1895).</subfield></datafield><datafield ind1=" " ind2=" " tag="500"><subfield code="a">Published by Will A. White, June 6, 1895.</subfield></datafield><datafield ind1=" " ind2=" " tag="500"><subfield code="a">"Republican."</subfield></datafield><datafield ind1=" " ind2=" " tag="580"><subfield code="a">Also published in a daily edition called: Emporia daily gazette, Aug. 18, 1890-Apr. 19, 1899.</subfield></datafield><datafield ind1=" " ind2="0" tag="651"><subfield code="a">Emporia (Kan.)</subfield><subfield code="v">Newspapers.</subfield></datafield><datafield ind1=" " ind2="0" tag="651"><subfield code="a">Lyon County (Kan.)</subfield><subfield code="v">Newspapers.</subfield></datafield><datafield ind1=" " ind2="7" tag="655"><subfield code="a">Newspapers.</subfield><subfield code="2">fast</subfield><subfield code="0">(OCoLC)fst01423814</subfield></datafield><datafield ind1=" " ind2="7" tag="651"><subfield code="a">Kansas</subfield><subfield code="z">Emporia.</subfield><subfield code="2">fast</subfield><subfield code="0">(OCoLC)fst01204306</subfield></datafield><datafield ind1=" " ind2="7" tag="651"><subfield code="a">Kansas</subfield><subfield code="z">Lyon County.</subfield><subfield code="2">fast</subfield><subfield code="0">(OCoLC)fst01216932</subfield></datafield><datafield ind1=" " ind2=" " tag="752"><subfield code="a">United States</subfield><subfield code="b">Kansas</subfield><subfield code="c">Lyon</subfield><subfield code="d">Emporia.</subfield></datafield><datafield ind1="1" ind2=" " tag="775"><subfield code="t">Emporia daily gazette</subfield><subfield code="w">(DLC)sn 82014486</subfield><subfield code="w">(OCoLC)8786473</subfield></datafield><datafield ind1="0" ind2="8" tag="776"><subfield code="i">Online version:</subfield><subfield code="t">Emporia Gazette (Emporia, Kan. : 1892 : Online)</subfield><subfield code="w">(OCoLC)192107283</subfield></datafield><datafield ind1="0" ind2="0" tag="780"><subfield code="t">Emporia standard</subfield><subfield code="w">(DLC)sn 85030201</subfield><subfield code="w">(OCoLC)11947235</subfield></datafield><datafield ind1="0" ind2="0" tag="785"><subfield code="t">Emporia weekly gazette</subfield><subfield code="w">(DLC)sn 82016045</subfield><subfield code="w">(OCoLC)9135794</subfield></datafield></record>